
@article{course_material_nonlinear_optimisation,
	title = {MS-E2122 - Nonlinear Optimisation},
	journal = {Operations Research, Aalto University},
	author = {Fabricio Oliveira},
	year = {2018}
}

@article{test_function_collection_artifical,
	title = {An Unconstrained Optimization Test Functions Collection},
	journal = {Advanced Modeling and Optimization, Volume 10, Number 1, 2008},
	author = {Neculai Andrei},
	year = {2000}
}

@article{test_function_collection_real_life,
	title = {THE MINPACK TEST PROBLEM COLLECTION},
	journal = {Mathematics and Computer Science Division, Preprint MCS-P153-0692},
	author = {Brett M. Avericky, Richard G. Cartery, Jorge J. More and Guo-Liang Xuey},
	year = {1992}
}

@article{monotone_line_search_performance,
	title = {A NONMONOTONE LINE SEARCH TECHNIQUE AND ITS APPLICATION TO UNCONSTRAINED OPTIMIZATION},
	journal = {SIAM J. OPTIM. Vol. 14, No. 4, pp. 1043â€“1056},
	author = {HONGCHAO ZHANG, WILLIAM W. HAGER},
	year = {2004}
}
